@misc{Awais2022,
  author = {Аваис М. and Гу В. and Дламини Г. and Холматова З. and Суччи Дж.},
  title = {An experience in automatically extracting CAPAs from code repositories},
  year = {2022},
  howpublished = {\url{https://arxiv.org/pdf/2212.09910}},
  note = {arXiv.org}
}

@inproceedings{Bugayenko2022,
  author = {Bugayenko Y. and Daniakin K. and Farina M. and Jolha F. and others},
  title = {Extracting corrective actions from code repositories},
  booktitle = {Proceedings of the 19th International Conference on Mining Software Repositories (MSR 2022)},
  year = {2022},
  publisher = {ACM},
  url = {https://dl.acm.org/doi/abs/10.1145/3524842.3528517},
  doi = {10.1145/3524842.3528517}
}

@incollection{Holmatova2021,
  author = {Холматова З. and Педрич В. and Суччи Д.},
  title = {A meta-analytical comparison of Naive Bayes and Random Forest for software defect prediction},
  booktitle = {},
  year = {2021},
  url = {https://link.springer.com/chapter/10.1007/978-3-031-35501-1_14#citeas}
}

@misc{Zenodo2025,
  title = {Examining the Success of an Open Source Software Project Analysing Its Repository},
  year = {2025},
  howpublished = {\url{https://doi.org/10.5281/zenodo.10046579}},
  note = {Zenodo}
}

@inproceedings{DiBella2014,
  author = {Di Bella E. and Tamburri D.A. and Serebrenik A. and Storey M.-A. and Melegati J. and Ferreira M.},
  title = {GitHub Projects: Quality Analysis of Open-Source Software},
  booktitle = {Proceedings of the 10th International Conference on Open Source Systems},
  year = {2014},
  publisher = {Springer, Cham},
  pages = {159--169},
  url = {https://link.springer.com/chapter/10.1007/978-3-319-13734-6_6}
}

@article{Utkin2020,
  author = {Utkin L. V.},
  title = {An imprecise deep forest for classification},
  journal = {Expert Systems with Applications},
  year = {2020},
  volume = {141},
  pages = {112978},
  url = {https://www.sciencedirect.com/science/article/pii/S0957417419306967}
}

@article{Jain2020,
  author = {Jain A. K. and Murty M. N. and Flynn P. J.},
  title = {The k-means Algorithm: A Comprehensive Survey and Performance Evaluation},
  journal = {Electronics},
  year = {2020},
  volume = {9},
  number = {8},
  url = {https://www.mdpi.com/2079-9292/9/8/1295}
}

@inproceedings{Picha2019,
  author = {Pícha P.},
  title = {Detecting software development process patterns in project data},
  booktitle = {Proceedings of the 23rd International Conference on Soft Computing MENDEL 2019},
  year = {2019},
  publisher = {Springer, Brno},
  url = {https://otik.uk.zcu.cz/handle/11025/37196}
}

@misc{GithubAPI,
  title = {Github API documentation},
  howpublished = {\url{https://docs.github.com/en/rest?apiVersion=2022-11-28}}
}

@misc{PyGithub,
  title = {PyGithub documentation},
  howpublished = {\url{https://pygithub.readthedocs.io/en/stable/}}
}

@misc{FDA,
  title = {FDA — Corrective and Preventive Actions (CAPA)},
  howpublished = {\url{https://www.fda.gov/inspections-compliance-enforcement-and-criminal-investigations/inspection-guides/corrective-and-preventive-actions-capa}}
}

@misc{One-Class,
  author = {Shehab M. A. and Khreich W. and Hamou-Lhadj A. and others},
  title = {Commit-Time Defect Prediction Using One-Class Classification},
  year = {2024},
  howpublished = {\url{https://users.encs.concordia.ca/~abdelw/papers/JSS24-OCC_preprint.pdf}}
}

@misc{Commit-classification,
  author = {Heričko T. and Šumak B.},
  title = {Commit Classification Into Software Maintenance Activities: A Systematic Literature Review},
  year = {2023},
  howpublished = {\url{https://www.researchgate.net/profile/Samesun-Singh/post/I_need_a_question_depending_on_PICO_frame_work_related_to_operating_system_can_anyone_suggest_me/attachment/64ef8b7e806fe2503d067dd1/AS%3A11431281184732300%401693420414326/download/Heri%C4%8Dko_COMPSAC23_paper-1.pdf}}
}

@misc{Hericko,
  author = {Heričko T. and Brdnik S. and Šumak B.},
  title = {Commit Classification Into Maintenance Activities Using Aggregated Semantic Word Embeddings of Software Change Messages},
  booktitle = {SQAMIA 2022: Workshop on Software Quality, Analysis, Monitoring, Improvement, and Applications, Novi Sad, Serbia, September 11–14, 2022},
  series = {CEUR Workshop Proceedings, Vol. 3237},
  year = {2022},
  url = {https://ceur-ws.org/Vol-3237/paper-her.pdf}
}

@misc{Sazid,
  author = {Sazid Y. and Kuri S. and Ahmed K. S. and Satter A.},
  title = {Commit Classification into Maintenance Activities Using In-Context Learning Capabilities of Large Language Models},
  year = {2024},
  howpublished = {\url{https://www.scitepress.org/Papers/2024/126867/126867.pdf}}
}
